%% This BibTeX bibliography file was created using BibDesk.
%% http://bibdesk.sourceforge.net/


%% Created for Richard Metzler at 2010-09-03 14:19:58 +0200 


%% Saved with string encoding Unicode (UTF-8) 



@webpage{oauth-flow-chart,
	Date-Added = {2010-09-03 14:19:16 +0200},
	Date-Modified = {2010-09-03 14:19:58 +0200},
	Url = {http://oauth.net/core/1.0/},
	Bdsk-Url-1 = {http://oauth.net/core/1.0/}}

@webpage{openid,
	Author = {OpenID Foundation},
	Date-Added = {2010-09-03 14:13:04 +0200},
	Date-Modified = {2010-09-03 14:14:19 +0200},
	Title = {OpenID},
	Url = {http://openid.net/},
	Year = {2006-2010},
	Bdsk-Url-1 = {http://openid.net/}}

@book{rest,
	Author = {Leonard Richardson and Sam Ruby},
	Date-Added = {2010-09-03 12:23:55 +0200},
	Date-Modified = {2010-09-03 12:24:55 +0200},
	Publisher = {O'Reilly},
	Title = {RESTful Web Services: Web Services for the Real World},
	Year = {2007}}

@url{metzler,
	Date-Added = {2010-09-03 12:21:22 +0200},
	Date-Modified = {2010-09-03 12:22:47 +0200},
	Title = {Identity on the Web: OpenID vs OAuth},
	Url = {http://www.slideshare.net/rmetzler/identity-on-the-web-openid-vs-oauth},
	Bdsk-Url-1 = {http://www.slideshare.net/rmetzler/identity-on-the-web-openid-vs-oauth}}

@webpage{yunglin-wiki,
	Date-Added = {2010-09-03 12:20:47 +0200},
	Date-Modified = {2010-09-03 12:21:10 +0200},
	Url = {http://wiki.github.com/yunglin/tapestry-jersey/}}

@webpage{yunglin-source,
	Date-Added = {2010-09-03 12:19:49 +0200},
	Date-Modified = {2010-09-03 12:20:44 +0200},
	Url = {http://github.com/yunglin/tapestry-jersey},
	Year = {2010}}

@url{gae,
	Date-Added = {2010-09-03 12:17:45 +0200},
	Date-Modified = {2010-09-03 12:23:25 +0200},
	Title = {Google AppEngine},
	Url = {http://appengine.google.com/},
	Year = {2010}}

@webpage{oauth,
	Date-Added = {2010-09-03 12:14:51 +0200},
	Date-Modified = {2010-09-03 14:12:16 +0200},
	Month = {08},
	Title = {OAuth},
	Url = {http://oauth.net/},
	Year = {2010},
	Bdsk-Url-1 = {http://oauth.net/}}

@url{rfc,
	Author = {E. Hammer-Lahav},
	Date-Added = {2010-09-03 12:07:19 +0200},
	Date-Modified = {2010-09-03 14:10:50 +0200},
	Title = {RFC 5849: The OAuth 1.0 Protocol},
	Url = {http://tools.ietf.org/html/rfc5849},
	Bdsk-Url-1 = {http://tools.ietf.org/html/rfc5849}}
